@article{ecassoc,
  author = "Kazuyuki Fujii and Hiroshi Oike",
  title = "An Algebraic Proof of the Associative Law of Elliptic Curves",
  journal = "Advances in Pure Mathematics",
  volume = "7",
  pages = "649-659",
  year = "2017",
  DOI = "https://doi.org/10.4236/apm.2017.712040",
  keywords = "Elliptic Curve, Addition, Associative Law, MATHEMATICA, Elliptic Curve Cryptography"
}
